@book{Horst,
publisher = {Institut du verre},
title = {Le Verre  : nature, structure et propriétés},
year = {1980},
author = {Scholze,Horst and Institut du verre},
address = {Paris},
booktitle = {Le Verre : nature, structure et propriétés},
edition = {2e édition revue et corrigée},
isbn = {2-85714-013-4},
keywords = {Glass ; Verre -- Propriétés physico-chimiques},
language = {fre},
}